<?xml version="1.0" encoding="UTF-8"?><record xmlns="http://www.loc.gov/MARC21/slim" xmlns:cinclude="http://apache.org/cocoon/include/1.0" xmlns:zs="http://www.loc.gov/zing/srw/">
  <leader>00533cz  a2200169n  4500</leader>
  <controlfield tag="001">no2007118799</controlfield>
  <controlfield tag="003">DLC</controlfield>
  <controlfield tag="005">20080113075023.0</controlfield>
  <controlfield tag="008">070820n| acannaabn          |a aaa     c</controlfield>
  <datafield tag="010" ind1=" " ind2=" ">
    <subfield code="a">no2007118799</subfield>
  </datafield>
  <datafield tag="035" ind1=" " ind2=" ">
    <subfield code="a">(OCoLC)oca07544071</subfield>
  </datafield>
  <datafield tag="040" ind1=" " ind2=" ">
    <subfield code="a">MH</subfield>
    <subfield code="b">eng</subfield>
    <subfield code="c">MH</subfield>
    <subfield code="d">MH</subfield>
  </datafield>
  <datafield tag="100" ind1="1" ind2=" ">
    <subfield code="a">Tuyn, P. N.</subfield>
    <subfield code="q">(Petrus Nicolai),</subfield>
    <subfield code="d">1812-1867</subfield>
  </datafield>
  <datafield tag="400" ind1="1" ind2=" ">
    <subfield code="a">Tuyn Petrus Nicolai,</subfield>
    <subfield code="d">1812-1867</subfield>
  </datafield>
  <datafield tag="400" ind1="1" ind2=" ">
    <subfield code="a">Tuyn,</subfield>
    <subfield code="d">1812-1867</subfield>
  </datafield>
  <datafield tag="670" ind1=" " ind2=" ">
    <subfield code="a">Amsterdam, 1844:</subfield>
    <subfield code="b">on map (Tuyn)</subfield>
  </datafield>
  <datafield tag="670" ind1=" " ind2=" ">
    <subfield code="a">OCLC, Aug. 20, 2007</subfield>
    <subfield code="b">(hdg. Tuyn, Petrus Nicolai, 1812-1867; usage: P. N. Tuyn; Tuyn)</subfield>
  </datafield>
</record>